@Article{	  AuthorYear,
  title		= {Title of Article},
  author	= {LastName1, Initial1 and LastName2, Initial2},
  journal	= {Jrn. Nm. A},
  volume	= {1},
  issue		= {1},
  pages		= {1},
  numpages	= {1},
  year		= {2000},
  month		= {Jan},
  publisher	= {Publisher},
  doi		= {aDOI}
}

